@article{陈悦2015citespace,
  title   = {CiteSpace 知识图谱的方法论功能},
  author  = {陈悦 and 陈超美 and 刘则渊 and 胡志刚 and 王贤文},
  journal = {科学学研究},
  volume  = {33},
  number  = {2},
  pages   = {242--253},
  year    = {2015}
}

@article{RN190,
  author  = {王大志 and 欧阳书姗},
  title   = {颈椎病的中医治疗研究进展},
  journal = {医学综述},
  volume  = {27},
  number  = {12},
  pages   = {2452-2456},
  issn    = {1006-2084},
  year    = {2021},
  type    = {Journal Article}
}

@article{RN193,
  author  = {王珊珊 and 郭理想},
  title   = {颈椎病治疗的中西医研究进展},
  journal = {新疆中医药},
  volume  = {39},
  number  = {02},
  pages   = {115-118},
  issn    = {1009-3931},
  year    = {2021},
  type    = {Journal Article}
}

@phdthesis{RN195,
  author     = {侯文男},
  title      = {基于citespace的手法治疗神经根型颈椎病的知识图谱分析},
  university = {福建中医药大学},
  type       = {硕士},
  year       = {2021},
  type       = {Thesis}
}

@article{RN194,
  author  = {冯天笑 and 黄湘龙 and 霍路遥 and 符碧峰 and 高玉萍 and 苏瑾 and 杨光 and 王平},
  title   = {基于VOSviewer和CiteSpace的手法治疗神经根型颈椎病知识图谱可视化分析},
  journal = {中国中医药信息杂志},
  pages   = {1-7},
  issn    = {1005-5304},
  type    = {Journal Article}
}

@article{RN196,
  author  = {朱立国 and 韩涛 and 魏戌 and 于杰 and 冯敏山 and 王尚全 and 陈明 and 展嘉文 and 尹逊路 and 王旭 and 方圣杰},
  title   = {近十年手法治疗神经根型颈椎病的CiteSpace知识图谱可视化分析},
  journal = {中医杂志},
  volume  = {62},
  number  = {08},
  pages   = {723-728},
  issn    = {1001-1668},
  year    = {2021},
  type    = {Journal Article}
}

@phdthesis{RN197,
  author     = {陈珠莲},
  title      = {提拉牵抖法对颈型颈椎病患者颈椎生理曲度异常的临床疗效观察},
  university = {福建中医药大学},
  type       = {硕士},
  year       = {2020},
  type       = {Thesis}
}

@phdthesis{RN198,
  author     = {黄宁颖},
  title      = {矫形按摩结合易筋经“托天式”治疗颈型颈椎病的临床观察},
  university = {福建中医药大学},
  type       = {硕士},
  year       = {2020},
  type       = {Thesis}
}

